@article{Myers:2005bh,
	Author = {Myers, Eugene W},
	Journal = {Bioinformatics},
	Pages = {ii79-85},
	Title = {The fragment assembly string graph},
	Volume = {21 Suppl 2},
	Year = {2005}}

@article{1000-Genomes-Project-Consortium:2010qc,
	Author = {{1000 Genomes Project Consortium}},
	Journal = {Nature},
	Pages = {1061-73},
	Title = {A map of human genome variation from population-scale sequencing},
	Volume = {467},
	Year = {2010}}

@article{Ossowski:2008if,
	Author = {Ossowski, Stephan and others},
	Journal = {Genome Res},
	Pages = {2024-33},
	Title = {Sequencing of natural strains of Arabidopsis thaliana with short reads},
	Volume = {18},
	Year = {2008}}

@article{Krawitz:2010zr,
	Author = {Krawitz, Peter and others},
	Journal = {Bioinformatics},
	Pages = {722-9},
	Title = {Microindel detection in short-read sequence data},
	Volume = {26},
	Year = {2010}}

@article{Albers:2010ud,
	Author = {Albers, Cornelis A and others},
	Journal = {Genome Res},
	Title = {Dindel: Accurate indel calls from short-read data},
	Year = {2010}}

@article{Depristo:2011vn,
	Author = {Depristo, Mark A and others},
	Journal = {Nat Genet},
	Pages = {491-8},
	Title = {A framework for variation discovery and genotyping using next-generation DNA sequencing data},
	Volume = {43},
	Year = {2011}}

@article{Homer:2010kx,
	Author = {Homer, Nils and Nelson, Stanley F},
	Journal = {Genome Biol},
	Pages = {R99},
	Title = {Improved variant discovery through local re-alignment of short-read next-generation sequencing data using SRMA},
	Volume = {11},
	Year = {2010}}

@article{Li:2011kx,
	Author = {Li, Heng},
	Journal = {Bioinformatics},
	Pages = {1157-8},
	Title = {Improving SNP discovery by base alignment quality},
	Volume = {27},
	Year = {2011}}

@article{Carnevali:2011fk,
	Author = {Carnevali, Paolo and others},
	Journal = {J Comput Biol},
	Title = {Computational Techniques for Human Genome Resequencing Using Mated Gapped Reads},
	Year = {2011}}

@article{Manske:2009ve,
	Author = {Manske, Heinrich Magnus and Kwiatkowski, Dominic P},
	Journal = {Bioinformatics},
	Pages = {2434-5},
	Title = {{SNP-o-matic}},
	Volume = {25},
	Year = {2009}}

@article{Li:2008zr,
	Author = {Li, Heng and others},
	Journal = {Genome Res},
	Pages = {1851-8},
	Title = {Mapping short DNA sequencing reads and calling variants using mapping quality scores},
	Volume = {18},
	Year = {2008}}

@article{Simpson:2009ys,
	Author = {Simpson, Jared T and others},
	Journal = {Genome Res},
	Pages = {1117-23},
	Title = {ABySS: a parallel assembler for short read sequence data},
	Volume = {19},
	Year = {2009}}

@article{Simpson:2011ly,
	Author = {Simpson, Jared T and Durbin, Richard},
	Journal = {Genome Res},
	Month = {Dec},
	Title = {Efficient de novo assembly of large genomes using compressed data structures},
	Year = {2011}}

@article{Li:2010vn,
	Author = {Li, Ruiqiang and others},
	Journal = {Genome Res},
	Pages = {265-72},
	Title = {De novo assembly of human genomes with massively parallel short read sequencing},
	Volume = {20},
	Year = {2010}}

@article{Iqbal:2012ys,
	Author = {Iqbal, Zamin and others},
	Journal = {Nat Genet},
	Title = {De novo assembly and genotyping of variants using colored de Bruijn graphs},
	Year = {2012}}

@article{Gnerre:2011ys,
	Author = {Gnerre, Sante and others},
	Journal = {Proc Natl Acad Sci U S A},
	Pages = {1513-8},
	Title = {High-quality draft assemblies of mammalian genomes from massively parallel sequence data},
	Volume = {108},
	Year = {2011}}

@article{Levy:2007uq,
	Author = {Levy, Samuel and others},
	Journal = {PLoS Biol},
	Pages = {e254},
	Title = {The diploid genome sequence of an individual human},
	Volume = {5},
	Year = {2007}}

@article{Staden:1979dq,
	Author = {Staden, R},
	Journal = {Nucleic Acids Res},
	Pages = {2601-10},
	Title = {A strategy of DNA sequencing employing computer programs},
	Volume = {6},
	Year = {1979}}

@article{Gingeras:1979cr,
	Author = {Gingeras, T R and others},
	Journal = {Nucleic Acids Res},
	Pages = {529-45},
	Title = {Computer programs for the assembly of DNA sequences},
	Volume = {7},
	Year = {1979}}

@article{Peltola:1984qf,
	Author = {Peltola, H and others},
	Journal = {Nucleic Acids Res},
	Pages = {307-21},
	Title = {SEQAID: a DNA sequence assembling program based on a mathematical model},
	Volume = {12},
	Year = {1984}}

@article{Myers:1995nx,
	Author = {Myers, E W},
	Journal = {J Comput Biol},
	Pages = {275-90},
	Title = {Toward simplifying and accurately formulating fragment assembly},
	Volume = {2},
	Year = {1995}}

@article{DBLP:journals/algorithmica/KececiogluM95,
	Author = {John D. Kececioglu and Eugene W. Myers},
	Journal = {Algorithmica},
	Pages = {7-51},
	Title = {Combinatiorial Algorithms for DNA Sequence Assembly},
	Volume = {13},
	Year = {1995}}

@article{Idury:1995oq,
	Author = {Idury, R M and Waterman, M S},
	Journal = {J Comput Biol},
	Pages = {291-306},
	Title = {A new algorithm for DNA sequence assembly},
	Volume = {2},
	Year = {1995}}

@article{Myers:2000kl,
	Author = {Myers, E W and others},
	Journal = {Science},
	Pages = {2196-204},
	Title = {A whole-genome assembly of Drosophila},
	Volume = {287},
	Year = {2000}}

@article{Pevzner:2001vn,
	Author = {Pevzner, P A and Tang, H and Waterman, M S},
	Journal = {Proc Natl Acad Sci U S A},
	Pages = {9748-53},
	Title = {An Eulerian path approach to DNA fragment assembly},
	Volume = {98},
	Year = {2001}}

@article{Medvedev:2009ve,
	Author = {Medvedev, Paul and Brudno, Michael},
	Journal = {J Comput Biol},
	Pages = {1101-16},
	Title = {Maximum likelihood genome assembly},
	Volume = {16},
	Year = {2009}}

@article{Simpson:2010uq,
	Author = {Simpson, Jared T and Durbin, Richard},
	Journal = {Bioinformatics},
	Pages = {i367-73},
	Title = {Efficient construction of an assembly string graph using the
	FM-index}, Volume = {26}, Year = {2010}}

@article{Flicek:2009kh, Author = {Flicek, Paul and Birney, Ewan},
	Journal = {Nat Methods},
	Pages = {S6-S12},
	Title = {Sense from sequence reads: methods for alignment and assembly},
	Volume = {6},
	Year = {2009}}

@article{Chaisson:2009fk,
	Author = {Chaisson, Mark J and others},
	Journal = {Genome Res},
	Pages = {336-46},
	Title = {De novo fragment assembly with short mate-paired reads: Does the read length matter?},
	Volume = {19},
	Year = {2009}}

@article{Zerbino:2009ly,
	Author = {Zerbino, Daniel R and others},
	Journal = {PLoS One},
	Pages = {e8407},
	Title = {Pebble and rock band: heuristic resolution of repeats and scaffolding in the velvet short-read de novo assembler},
	Volume = {4},
	Year = {2009}}

@article{Compeau:2011fk,
	Author = {Compeau, Phillip E C and others},
	Journal = {Nat Biotechnol},
	Pages = {987-91},
	Title = {How to apply de Bruijn graphs to genome assembly},
	Volume = {29},
	Year = {2011}}

@article{Li:2011zr,
	Author = {Li, Zhenyu and others},
	Journal = {Brief Funct Genomics},
	Month = {Dec},
	Title = {Comparison of the two major classes of assembly algorithms: overlap-layout-consensus and de-bruijn-graph},
	Year = {2011}}

@inproceedings{en:2009fk,
	Author = {Jouni Siren},
	Booktitle = {String Processing and Information Retrieval},
	Title = {Compressed Suffix Arrays for Massive Data},
	Year = {2009}}

@article{Li:2009uq,
	Author = {Li, Heng and Durbin, Richard},
	Journal = {Bioinformatics},
	Pages = {1754-60},
	Title = {Fast and accurate short read alignment with Burrows-Wheeler transform},
	Volume = {25},
	Year = {2009}}

@inproceedings{Lam:2009fk,
	Author = {Tak Wah Lam and others},
	Booktitle = {BIBM},
	Pages = {31--36},
	Title = {High Throughput Short Read Alignment via Bi-directional BWT},
	Year = {2009}}

@proceedings{DBLP:conf/focs/2000,
	Publisher = {IEEE Computer Society},
	Title = {41st Annual Symposium on Foundations of Computer Science, FOCS 2000, 12-14 November 2000, Redondo Beach, California, USA},
	Year = {2000}}

@inproceedings{DBLP:conf/focs/FerraginaM00,
	Author = {Paolo Ferragina and Giovanni Manzini},
	Booktitle = {FOCS},
	Crossref = {DBLP:conf/focs/2000},
	Pages = {390-398},
	Title = {Opportunistic Data Structures with Applications},
	Year = {2000}}

@inproceedings{DBLP:conf/recomb/MakinenNSV09,
	Author = {Veli M{\"a}kinen and Gonzalo Navarro and Jouni Sir{\'e}n and Niko V{\"a}lim{\"a}ki},
	Booktitle = {RECOMB},
	Crossref = {DBLP:conf/recomb/2009},
	Pages = {121-137},
	Title = {Storage and Retrieval of Individual Genomes},
	Year = {2009}}

@proceedings{DBLP:conf/recomb/2009,
	Editor = {Serafim Batzoglou},
	Publisher = {Springer},
	Title = {Research in Computational Molecular Biology, 13th Annual International Conference, RECOMB 2009, Tucson, AZ, USA, May 18-21, 2009. Proceedings},
	Volume = {5541},
	Year = {2009}}

@techreport{Burrows:1994gd,
	Author = {Burrows, M. and Wheeler, D. J.},
	Institution = {Digital Equipment Corporation},
	Title = {A block-sorting lossless data compression algorithm},
    Address = {Palo Alto CA},
    Type = {Technical report 124},
	Year = {1994}}

@article{Li:2010fk,
	Author = {Li, Heng and Durbin, Richard},
	Journal = {Bioinformatics},
	Pages = {589-95},
	Title = {Fast and accurate long-read alignment with Burrows-Wheeler transform},
	Volume = {26},
	Year = {2010}}

@article{Ilie:2011fk,
	Author = {Ilie, Lucian and others},
	Journal = {Bioinformatics},
	Pages = {295-302},
	Title = {HiTEC: accurate error correction in high-throughput sequencing data},
	Volume = {27},
	Year = {2011}}

@article{G.-Nong:2011fk,
	Author = {G. Nong, S. Zhang and W. H. Chan},
	Journal = {IEEE Transactions on Computers},
	Title = {Two Efficient Algorithms for Linear Time Suffix Array Construction},
	Year = {2011}}

@inproceedings{DBLP:conf/latin/FerraginaGM10,
	Author = {Paolo Ferragina and others},
	Booktitle = {LATIN},
	Crossref = {DBLP:conf/latin/2010},
	Pages = {697-710},
	Title = {Lightweight Data Indexing and Compression in External Memory},
	Year = {2010}}

@article{DBLP:journals/algorithmica/HonLSSY07,
	Author = {Wing-Kai Hon and Tak Wah Lam and Kunihiko Sadakane and Wing-Kin Sung and Siu-Ming Yiu},
	Journal = {Algorithmica},
	Number = {1},
	Pages = {23-36},
	Title = {A Space and Time Efficient Algorithm for Constructing Compressed Suffix Arrays},
	Volume = {48},
	Year = {2007}}

@article{Elias:1975ly,
	Author = {Elias, Peter},
	Journal = {Information Theory, IEEE Transactions on Information Theory},
	Pages = {194-203},
	Title = {Universal codeword sets and representations of the integers},
	Volume = {21},
	Year = {1975}}

@article{Drmanac:2010ly,
	Author = {Drmanac, Radoje and others},
	Journal = {Science},
	Pages = {78-81},
	Title = {Human genome sequencing using unchained base reads on self-assembling DNA nanoarrays},
	Volume = {327},
	Year = {2010}}
